@misc{juntasUTNFRRo,
    author    = "UTN-FRRo",
    title     = "Pavimentos",
    url       = "https://www.frro.utn.edu.ar/repositorio/catedras/civil/1_anio/civil1/files/IC%20I-Pavimentos.pdf"
}

@misc{juntas1,
    author    = "-",
    title     = "-",
    url       = "http://civilgeeks.com/2012/03/27/juntas-en-el-concreto/"
}


@misc{juntas2,
    author    = "-",
    title     = "-",
    url       = "https://www.ieca.es/Uploads/docs/Dise%C3%B1o_y_ejecuci%C3%B3n_de_juntasl.pdf"
}

@misc{juntas3,
    author    = "-",
    title     = "-",
    url       = "ftp://ceres.udc.es/ITS_Caminos/1_Ciclo/Materiales_Construccion/Apuntes_1P/4P_05_07_08_Bituminosos.pdf"
}

@misc{juntas4,
    author    = "-",
    title     = "-",
    url       = "http://cybertesis.uach.cl/tesis/uach/2010/bmfcim672d/doc/bmfcim672d.pdf"
}

@misc{juntas5,
    author    = "-",
    title     = "-",
    url       = "https://www.civil.iitb.ac.in/tvm/1111_nptel/401_lnTse/plain.pdf"
}

@misc{juntas6,
    author    = "-",
    title     = "-",
    url       = "http://nptel.ac.in/courses/105101087/downloads/Lec-19.pdf"
}

@misc{juntas7,
    author    = "-",
    title     = "-",
    url       = "http://www.citg.tudelft.nl/fileadmin/Faculteit/CiTG/Over_de_faculteit/Afdelingen/Afdeling_Bouw/-_Secties/Sectie_Weg_en_Railbouwkunde/-_Leerstoelen/Leerstoel_Wegbouwkunde/-_Onderwijs/-_College_Dictaten/doc/Introduction_to_Roads_KJJ.pdf"
}
