@article{
    author =       "Martinez Ashelén",
    title =        "{Patología de los pavimentos }",
    journal =      "Documentación del proyecto 'Scanner Vial'",
    pages =        "1--21",
    year =         "2014"
}

@article{
    author =       "UTN-FRRo",
    title =        "{Pavimentos}",
    year =         "2014",
    DOI = "https://www.frro.utn.edu.ar/repositorio/catedras/civil/1_anio/civil1/files/IC%20I-Pavimentos.pdf"
}

@article{
    author =       "",
    title =        "{}",
    year =         "2014",
    DOI = "http://cybertesis.uach.cl/tesis/uach/2010/bmfcim672d/doc/bmfcim672d.pdf"
}


@article{
    author =       "",
    title =        "{}",
    year =         "2014",
    DOI = "https://www.civil.iitb.ac.in/tvm/1111_nptel/401_lnTse/plain.pdf"
}

@article{
    author =       "",
    title =        "{}",
    year =         "2014",
    DOI = "http://nptel.ac.in/courses/105101087/downloads/Lec-19.pdf"
}
@article{
    author =       "",
    title =        "{}",
    year =         "2014",
    DOI = "http://www.citg.tudelft.nl/fileadmin/Faculteit/CiTG/Over_de_faculteit/Afdelingen/Afdeling_Bouw/-_Secties/Sectie_Weg_en_Railbouwkunde/-_Leerstoelen/Leerstoel_Wegbouwkunde/-_Onderwijs/-_College_Dictaten/doc/Introduction_to_Roads_KJJ.pdf"
}






@article{einstein,
    author =       "Albert Einstein",
    title =        "{Zur Elektrodynamik bewegter K{\"o}rper}. ({German})
        [{On} the electrodynamics of moving bodies]",
    journal =      "Annalen der Physik",
    volume =       "322",
    number =       "10",
    pages =        "891--921",
    year =         "1905",
    DOI =          "http://dx.doi.org/10.1002/andp.19053221004"
}
 
@book{latexcompanion,
    author    = "Michel Goossens and Frank Mittelbach and Alexander Samarin",
    title     = "The \LaTeX\ Companion",
    year      = "1993",
    publisher = "Addison-Wesley",
    address   = "Reading, Massachusetts"
}
 
@misc{knuthwebsite,
    author    = "Donald Knuth",
    title     = "Knuth: Computers and Typesetting",
    url       = "http://www-cs-faculty.stanford.edu/\~{}uno/abcde.html"
}